<?xml version="1.0" encoding="UTF-8"?><collection xmlns="http://www.loc.gov/MARC21/slim"><record><leader>00363nam--2200133-i-4500</leader><controlfield tag="001">000010139</controlfield><controlfield tag="002">20161230</controlfield><controlfield tag="005">20161230201028</controlfield><controlfield tag="008">060222s1000------------r-----000-0-eng-d</controlfield><datafield ind1=" " ind2=" " tag="100"><subfield code="a">Deland, Frank H.And Wagner, Henry N</subfield></datafield><datafield ind1=" " ind2=" " tag="245"><subfield code="a">Atlas of nuclear medicine vol.1: brain</subfield></datafield><datafield ind1=" " ind2=" " tag="260"><subfield code="a">Philadelphia, W.B.Saunders Co., 1972</subfield></datafield><datafield ind1=" " ind2=" " tag="490"><subfield code="a">Xii+217p</subfield></datafield><datafield ind1=" " ind2=" " tag="852"><subfield code="a">61:621.039.8</subfield></datafield></record></collection>